<?xml version="1.0" encoding="UTF-8"?><collection xmlns="http://www.loc.gov/MARC21/slim"><record><leader>00419nam--2200133-i-4500</leader><controlfield tag="001">000028323</controlfield><controlfield tag="002">20161230</controlfield><controlfield tag="005">20170216115033</controlfield><controlfield tag="008">060222s1000------------r-----000-0-eng-d</controlfield><datafield ind1=" " ind2=" " tag="100"><subfield code="a">Kent, Allen ,</subfield></datafield><datafield ind1=" " ind2=" " tag="245"><subfield code="a">Perry,J.W</subfield></datafield><datafield ind1=" " ind2=" " tag="260"><subfield code="a">Documentation And Information Retrieval. An Introduction To Basic Principles And Cost Analysis</subfield></datafield><datafield ind1=" " ind2=" " tag="490"><subfield code="a">Ohio, Western Reserve University, 1957. XII+156p</subfield></datafield><datafield ind1=" " ind2=" " tag="CAT"><subfield code="a">SYS</subfield><subfield code="c">20170216</subfield><subfield code="h">115033</subfield></datafield></record></collection>